<record><leader>00000cas a22000007a 4500</leader><controlfield tag="001">16570547</controlfield><controlfield tag="008">870827c18759999pauwr ne      0    0eng d</controlfield><datafield ind1=" " ind2=" " tag="010"><subfield code="a">sn 88079460 </subfield></datafield><datafield ind1=" " ind2=" " tag="040"><subfield code="a">NPH</subfield><subfield code="b">eng</subfield><subfield code="c">NPH</subfield><subfield code="d">OCLCQ</subfield></datafield><datafield ind1=" " ind2=" " tag="042"><subfield code="a">msc</subfield></datafield><datafield ind1="0" ind2="4" tag="245"><subfield code="a">The Hamburg item.</subfield></datafield><datafield ind1=" " ind2=" " tag="260"><subfield code="a">Hamburg, Pa. :</subfield><subfield code="b">Wm. O. Heinly</subfield></datafield><datafield ind1=" " ind2=" " tag="300"><subfield code="a">v. :</subfield><subfield code="b">ill. ;</subfield><subfield code="c">54-58 cm.</subfield></datafield><datafield ind1=" " ind2=" " tag="310"><subfield code="a">Weekly</subfield></datafield><datafield ind1="1" ind2=" " tag="362"><subfield code="a">Began with Apr. 24, 1875 issue.</subfield></datafield><datafield ind1=" " ind2=" " tag="500"><subfield code="a">Special centennial issue: Vol. 100, no. 17 (Apr. 24, 1975).</subfield></datafield><datafield ind1=" " ind2=" " tag="500"><subfield code="a">Publisher: Millard A. Stofflet, &lt;1945&gt;.</subfield></datafield><datafield ind1=" " ind2=" " tag="515"><subfield code="a">Issues for &lt;Jan. 9, 1902&gt; called also &lt;vol. 20, no. 2&gt;.</subfield></datafield><datafield ind1=" " ind2=" " tag="588"><subfield code="a">Description based on: Oct. 29, 1887.</subfield></datafield><datafield ind1=" " ind2=" " tag="752"><subfield code="a">United States</subfield><subfield code="b">Pennsylvania</subfield><subfield code="c">Berks</subfield><subfield code="d">Hamburg.</subfield></datafield></record>